<?xml version="1.0" encoding="UTF-8"?><collection xmlns="http://www.loc.gov/MARC21/slim"><record><leader>00471nam--2200169-u-4500</leader><controlfield tag="001">000054567</controlfield><controlfield tag="002">20161230</controlfield><controlfield tag="005">20161230201051</controlfield><controlfield tag="008">120202s1000------------r-----000-0-eng-d</controlfield><datafield ind1=" " ind2=" " tag="040"><subfield code="a">IFIN-HH</subfield></datafield><datafield ind1=" " ind2=" " tag="080"><subfield code="a">539.12.01:52(043)</subfield></datafield><datafield ind1="1" ind2=" " tag="100"><subfield code="a">Lindholm, Bengt-ake</subfield></datafield><datafield ind1="1" ind2="0" tag="245"><subfield code="a">Studies of fermion masses in guage theories</subfield><subfield code="c">Bengt-ake lindholm</subfield></datafield><datafield ind1=" " ind2=" " tag="260"><subfield code="a">Stockholm</subfield><subfield code="b">Stockholm University</subfield><subfield code="c">1992</subfield></datafield><datafield ind1=" " ind2=" " tag="300"><subfield code="a">/PAG.DIF.</subfield></datafield><datafield ind1=" " ind2=" " tag="852"><subfield code="a">79951</subfield><subfield code="c">539.12</subfield></datafield><datafield ind1=" " ind2=" " tag="CAT"><subfield code="a">Sys</subfield><subfield code="c">20120202</subfield><subfield code="h">092513</subfield></datafield></record></collection>